
@book{knuth_texbook_1986,
	location = {Reading, Mass},
	title = {The {TeXbook}},
	isbn = {978-0-201-13447-6},
	series = {Computers \& typesetting},
	pagetotal = {483},
	number = {A},
	publisher = {Addison-Wesley},
	author = {Knuth, Donald Ervin and Knuth, Donald Ervin},
	date = {1986},
	keywords = {Computer programs, Computerized typesetting, Mathematics printing, {TeX} (Computer file)},
}